<record><leader>00000cas a22000007a 4500</leader><controlfield tag="001">33193272</controlfield><controlfield tag="008">950923d19011909okuwr n       0    0eng d</controlfield><datafield ind1=" " ind2=" " tag="010"><subfield code="a">sn 95076143 </subfield></datafield><datafield ind1=" " ind2=" " tag="040"><subfield code="a">OBN</subfield><subfield code="b">eng</subfield><subfield code="c">OBN</subfield><subfield code="d">OCLCQ</subfield><subfield code="d">OCLCO</subfield></datafield><datafield ind1="1" ind2=" " tag="029"><subfield code="a">AU@</subfield><subfield code="b">000025854587</subfield></datafield><datafield ind1=" " ind2=" " tag="042"><subfield code="a">msc</subfield></datafield><datafield ind1=" " ind2=" " tag="043"><subfield code="a">n-us-ok</subfield></datafield><datafield ind1="0" ind2=" " tag="130"><subfield code="a">Chandler publicist (Chandler, Okla. : 1901)</subfield></datafield><datafield ind1="1" ind2="4" tag="245"><subfield code="a">The Chandler publicist.</subfield></datafield><datafield ind1=" " ind2=" " tag="260"><subfield code="a">Chandler, Oklahoma Territory [Okla.] :</subfield><subfield code="b">Mrs. W.H. French</subfield></datafield><datafield ind1=" " ind2=" " tag="300"><subfield code="a">v.</subfield></datafield><datafield ind1=" " ind2=" " tag="310"><subfield code="a">Weekly</subfield></datafield><datafield ind1="0" ind2=" " tag="362"><subfield code="a">Vol. 8, no. 10 (July 19, 1901)-v. 18, no. 33 (May 13, 1909).</subfield></datafield><datafield ind1=" " ind2="0" tag="650"><subfield code="a">Populism</subfield><subfield code="z">Oklahoma</subfield><subfield code="v">Newspapers.</subfield></datafield><datafield ind1=" " ind2="0" tag="651"><subfield code="a">Chandler (Okla.)</subfield><subfield code="v">Newspapers.</subfield></datafield><datafield ind1=" " ind2="0" tag="651"><subfield code="a">Lincoln County (Okla.)</subfield><subfield code="v">Newspapers.</subfield></datafield><datafield ind1=" " ind2="0" tag="651"><subfield code="a">Oklahoma Territory (Okla.)</subfield><subfield code="v">Newspapers.</subfield></datafield><datafield ind1=" " ind2=" " tag="752"><subfield code="a">United States</subfield><subfield code="b">Oklahoma</subfield><subfield code="c">Lincoln</subfield><subfield code="d">Chandler.</subfield></datafield><datafield ind1="1" ind2=" " tag="775"><subfield code="t">Chandler daily publicist</subfield><subfield code="w">(DLC)sn 95076163</subfield><subfield code="w">(OCoLC)33210460</subfield></datafield><datafield ind1="0" ind2="0" tag="780"><subfield code="t">Publicist (Chandler, Okla. : 1897)</subfield><subfield code="w">(DLC)sn 95076142</subfield><subfield code="w">(OCoLC)33193264</subfield></datafield><datafield ind1="0" ind2="7" tag="785"><subfield code="t">Chandler news</subfield><subfield code="w">(DLC)sn 86063916</subfield><subfield code="w">(OCoLC)13732947</subfield></datafield><datafield ind1="0" ind2="7" tag="785"><subfield code="t">Chandler news-publicist (Chandler, Okla. : 1909)</subfield><subfield code="w">(DLC)sn 95076146</subfield><subfield code="w">(OCoLC)33193338</subfield></datafield></record>